@article{lower_bound,
  title={Incremental cycle detection, topological ordering, and strong component maintenance},
  author={Haeupler, Bernhard and Kavitha, Telikepalli and Mathew, Rogers and Sen, Siddhartha and Tarjan, Robert E},
  journal={ACM Transactions on Algorithms (TALG)},
  volume={8},
  number={1},
  pages={3},
  year={2012},
  publisher={ACM}
}

@article{example,
  title={A new approach to incremental cycle detection and related problems},
  author={Bender, Michael A and Fineman, Jeremy T and Gilbert, Seth and Tarjan, Robert E},
  journal={ACM Transactions on Algorithms (TALG)},
  volume={12},
  number={2},
  pages={14},
  year={2016},
  publisher={ACM}
}

@inproceedings{nested,
  title={Nested Convex Bodies are Chaseable},
  author={Bansa, Nikhil and B{\"o}hm, Martin and Eli{\'a}{\v{s}}, Marek and Koumoutsos, Grigorios and Umboh, Seeun William},
  booktitle={Proceedings of the Twenty-Ninth Annual ACM-SIAM Symposium on Discrete Algorithms},
  pages={1253--1260},
  year={2018},
  organization={SIAM}
}
